@ARTICLE{2010ApJS..188..437D,
   author = {{De la Luz}, V. and {Lara}, A. and {Mendoza-Torres}, J.~E. and 
	{Selhorst}, C.~L.},
    title = "{Pakal: A Three-dimensional Model to Solve the Radiative Transfer Equation}",
  journal = {\apjs},
archivePrefix = "arXiv",
   eprint = {1106.2180},
 primaryClass = "astro-ph.SR",
 keywords = {methods: numerical, radiation mechanisms: thermal, radiative transfer, Sun: atmosphere, Sun: chromosphere, Sun: radio radiation},
     year = 2010,
    month = jun,
   volume = 188,
    pages = {437-446},
      doi = {10.1088/0067-0049/188/2/437},
   adsurl = {https://ui.adsabs.harvard.edu/abs/2010ApJS..188..437D},
  adsnote = {Provided by the SAO/NASA Astrophysics Data System}
}

@ARTICLE{1979NASSP.402.....E,
   author = {{Eddy}, J.~A. and {Ise}, R.},
    title = "{New Sun: The Solar Results From Skylab. NASA SP-402}",
  journal = {NASA Special Publication},
     year = 1979,
   volume = 402,
   adsurl = {https://ui.adsabs.harvard.edu/abs/1979NASSP.402.....E},
  adsnote = {Provided by the SAO/NASA Astrophysics Data System}
}

@ARTICLE{1993ApJ...406..319F,
   author = {{Fontenla}, J.~M. and {Avrett}, E.~H. and {Loeser}, R.},
    title = "{Energy balance in the solar transition region. III - Helium emission in hydrostatic, constant-abundance models with diffusion}",
  journal = {\apj},
 keywords = {Chromosphere, Emission Spectra, Helium, Solar Corona, Solar Radiation, Astronomical Models, Hydrostatics, Particle Diffusion, Solar Limb},
     year = 1993,
    month = mar,
   volume = 406,
    pages = {319-345},
      doi = {10.1086/172443},
   adsurl = {https://ui.adsabs.harvard.edu/abs/1993ApJ...406..319F},
  adsnote = {Provided by the SAO/NASA Astrophysics Data System}
}

@ARTICLE{2008ApJS..175..229A,
   author = {{Avrett}, E.~H. and {Loeser}, R.},
    title = "{Models of the Solar Chromosphere and Transition Region from SUMER and HRTS Observations: Formation of the Extreme-Ultraviolet Spectrum of Hydrogen, Carbon, and Oxygen}",
  journal = {\apjs},
 keywords = {atomic data, line: profiles, radiative transfer, Sun: chromosphere, Sun: transition region, Sun: UV radiation},
     year = 2008,
    month = mar,
   volume = 175,
    pages = {229-276},
      doi = {10.1086/523671},
   adsurl = {https://ui.adsabs.harvard.edu/abs/2008ApJS..175..229A},
  adsnote = {Provided by the SAO/NASA Astrophysics Data System}
}

@ARTICLE{1981ApJS...45..635V,
   author = {{Vernazza}, J.~E. and {Avrett}, E.~H. and {Loeser}, R.},
    title = "{Structure of the solar chromosphere. III - Models of the EUV brightness components of the quiet-sun}",
  journal = {\apjs},
 keywords = {Atmospheric Models, Brightness Temperature, Chromosphere, Extreme Ultraviolet Radiation, Nonequilibrium Thermodynamics, Radiative Heat Transfer, Solar Atmosphere, Ultraviolet Spectra, Atmospheric Heating, Atomic Energy Levels, Carbon, Graphs (Charts), Hydrogen Atoms, Iron, Lyman Spectra, Solar Temperature, Tables (Data)},
     year = 1981,
    month = apr,
   volume = 45,
    pages = {635-725},
      doi = {10.1086/190731},
   adsurl = {https://ui.adsabs.harvard.edu/abs/1981ApJS...45..635V},
  adsnote = {Provided by the SAO/NASA Astrophysics Data System}
}
