@ARTICLE{2010ApJS..188..437D,
   author = {{De la Luz}, V. and {Lara}, A. and {Mendoza-Torres}, J.~E. and 
	{Selhorst}, C.~L.},
    title = "{Pakal: A Three-dimensional Model to Solve the Radiative Transfer Equation}",
  journal = {\textbackslash apjs},
archivePrefix = "arXiv",
   eprint = {1106.2180},
 primaryClass = "astro-ph.SR",
 keywords = {methods: numerical, radiation mechanisms: thermal, radiative transfer, Sun: atmosphere, Sun: chromosphere, Sun: radio radiation},
     year = 2010,
    month = jun,
   volume = 188,
    pages = {437-446},
      doi = {10.1088/0067-0049/188/2/437},
   adsurl = {https://ui.adsabs.harvard.edu/abs/2010ApJS..188..437D},
  adsnote = {Provided by the SAO/NASA Astrophysics Data System}
}

@ARTICLE{1979NASSP.402.....E,
   author = {{Eddy}, J.~A. and {Ise}, R.},
    title = "{New Sun: The Solar Results From Skylab. NASA SP-402}",
  journal = {NASA Special Publication},
     year = 1979,
   volume = 402,
   adsurl = {https://ui.adsabs.harvard.edu/abs/1979NASSP.402.....E},
  adsnote = {Provided by the SAO/NASA Astrophysics Data System}
}

@ARTICLE{1993ApJ...406..319F,
   author = {{Fontenla}, J.~M. and {Avrett}, E.~H. and {Loeser}, R.},
    title = "{Energy balance in the solar transition region. III - Helium emission in hydrostatic, constant-abundance models with diffusion}",
  journal = {\textbackslash apj},
 keywords = {Chromosphere, Emission Spectra, Helium, Solar Corona, Solar Radiation, Astronomical Models, Hydrostatics, Particle Diffusion, Solar Limb},
     year = 1993,
    month = mar,
   volume = 406,
    pages = {319-345},
      doi = {10.1086/172443},
   adsurl = {https://ui.adsabs.harvard.edu/abs/1993ApJ...406..319F},
  adsnote = {Provided by the SAO/NASA Astrophysics Data System}
}

@ARTICLE{2008ApJS..175..229A,
   author = {{Avrett}, E.~H. and {Loeser}, R.},
    title = "{Models of the Solar Chromosphere and Transition Region from SUMER and HRTS Observations: Formation of the Extreme-Ultraviolet Spectrum of Hydrogen, Carbon, and Oxygen}",
  journal = {\textbackslash apjs},
 keywords = {atomic data, line: profiles, radiative transfer, Sun: chromosphere, Sun: transition region, Sun: UV radiation},
     year = 2008,
    month = mar,
   volume = 175,
    pages = {229-276},
      doi = {10.1086/523671},
   adsurl = {https://ui.adsabs.harvard.edu/abs/2008ApJS..175..229A},
  adsnote = {Provided by the SAO/NASA Astrophysics Data System}
}

@ARTICLE{VALC,
   author = {{Vernazza}, J.~E. and {Avrett}, E.~H. and {Loeser}, R.},
    title = "{Structure of the solar chromosphere. III - Models of the EUV brightness components of the quiet-sun}",
  journal = {\textbackslash apjs},
 keywords = {Atmospheric Models, Brightness Temperature, Chromosphere, Extreme Ultraviolet Radiation, Nonequilibrium Thermodynamics, Radiative Heat Transfer, Solar Atmosphere, Ultraviolet Spectra, Atmospheric Heating, Atomic Energy Levels, Carbon, Graphs (Charts), Hydrogen Atoms, Iron, Lyman Spectra, Solar Temperature, Tables (Data)},
     year = 1981,
    month = apr,
   volume = 45,
    pages = {635-725},
      doi = {10.1086/190731},
   adsurl = {https://ui.adsabs.harvard.edu/abs/1981ApJS...45..635V},
  adsnote = {Provided by the SAO/NASA Astrophysics Data System}
}

@ARTICLE{carrington,
   author = {{Loper}, Robert D.},
   title = "{Carrington-class events as a great filter for electronic civilizations in the drake equation}",
   journal = {Astronomical Society of the Pacific},
   year = 2019
}

@ARTICLE{VAULT1,
   author = {{Vourlidas}, A. and {Sanchez}, B. and {Landi}, E. et al.},
   title = "{The structure and Dynamics of the Upper Chromosphere and Lower Transition Region as Revealed by the Subarcsecond VAULT Observations, Astronomy and Astrophysics}",
   journal = {Solar Physics},
   year = 2010
}

@ARTICLE{C7,
   author = {{Fontenla}, J.~M. and {Avrett}, E.~H. and {Loeser}, R.},
   title = "{Energy Balance in the Solar Transition Region. I. Hydrostatic Thermal Models with Ambipolar Difussion}",
   journal = {The Astrophysical Journal},
   year = 1990
}

@PHDTHESIS{Pakal,
   author = {{De la Luz}, V.},
   title = "{Modelaci\'on Tridimensional de la Atm\'osfera Solar para el Estudio de su Emisi\'on en Radio}",
   year = 2011
}

@BOOK{ashwanden,
   author = {{Aschwanden}, Markus},
   title = "{Physics of the Solar Corona}",
   publisher = {Springer Science \& Business Media},
   year = 2006
}

@ARTICLE{flujoemergente,
   author = {{Rees}, {Seemel}},
   title = "{Line Formation in an Unresolved Magnetic Element: A Test of the Centre of Gravity Method}",
   journal = {Astronomy and Astrophysics},
   year = 1978
}

@BOOK{Jackson,
   author = {{Jackson}, John David},
   title = "{Physics of the Solar Corona}",
   publisher = {John Wiley and Sons},
   year = 1962
}

@misc{NASAweb,
    author    = {{Hathaway}, D.},
    title     = "{Chromospheric Features}",
    year      = 2014,
    url       = {https://solarscience.msfc.nasa.gov/feature2.shtml}
}

@BOOK{priest,
   author = {{Priest}, Eric},
   title = "{Magnetohydrodinamics of the Sun}",
   publisher = {Cambgidge University},
   year = 2014
}

@ARTICLE{chromotemp,
   author = {{Fleishman}, G. and {Melnikov}, V.},
   title = "{Gyrosynchrotron emission from anisotropic electron distributions}",
   journal = {The Astrophysical Journal},
   year = 2003
}

@ARTICLE{magneticflux,
   author = {{Meunier}, N.},
   title = "{Solar chromospheric emission and magnetic structures from plages to intranetwork: Contribution of the very quiet Sun}",
   journal = {Astronomy and Astrophysics},
   year = 2018
}

@ARTICLE{energybalance,
   author = {{Fontanela}, J. M.},
   title = "{Energy balance in the solar transition region I. hydrostatic thermal models with ambipolar diffusion}",
   journal = {Astronomy and Astrophysics},
   year = 1990
}

@ARTICLE{1000G,
   author = {{Lin}, Haosheng and {Rimmele}, Thomas},
   title = "{The granular magnetic fields of the quiet sun}",
   journal = {The Astrophysical Journal},
   year = 1999
}

@ARTICLE{millimeter,
   author = {{Loukitcheva}, Maria A.  and {Nagnibeda}, Valery G.},
   title = "{Radio Emision of Solar Chromosphere at Millimeter Wavelengths}",
   journal = {European Space Agency},
   year = 2000
}

@ARTICLE{flux_reference,
   author = {{Bellot}, Luis and {Orozco}, David},
   title = "{Quiet Sun magnetic fields: an observational view}",
   journal = {Living Reviews in Solar Physics},
   year = 2019
}

@BOOK{mariska,
   author = {{Mariska}, John T.},
   title = "{The Solar Transition Region}",
   publisher = {Cambridge Astrophysics Series},
   year = 1993
}

@ARTICLE{2018A&A...619L...6N,
   author = {{Nidos}, A. and {Alissandrakis}, K.},
    title = "{First high-resolution look at the quiet Sun with ALMA at 3 mm}",
    journal = {\textbackslash A\&A},
    year = 2018
}

@ARTICLE{VAULT2,
   author = {{Vourlidas}, A. and {Beltran}, S. and {Chintzoglou}, G.},
    title = "{Investigation of the Chromosphere-Corona Interface with the Upgraded Very High Angular Resolution Ultraviolet Telescope (VAULT2.0)
}",
    journal = {Journal of Astronomical Instrumentation},
    year = 2016
}

@misc{NASAsun,
    author    = {{Hathaway}, D.},
    title     = "{Solar Physics}",
    year      = 2014,
    url       = {https://solarscience.msfc.nasa.gov/}
}

@misc{NASAlayers,
    author    = {{Dunbar}, Brian},
    title     = "{Layers of the Sun}",
    year      = 2017,
    url       = {https://www.nasa.gov/mission_pages/iris/multimedia/layerzoo.html}
}

@misc{NASAtr,
    author    = {{Hathaway}, D.},
    title     = "{The Transition Region}",
    year      = 2014,
    url       = {https://solarscience.msfc.nasa.gov/t_region.shtml}
}

@ARTICLE{2017A&A...605A..78A,
   author = {{Alissandrakis}, C.},
    title = "{Center-to-limb observations of the Sun with ALMA . Implications for solar atmospheric models}",
    journal = {Astronomy \& Astrophysics},
    year = 2017
}
